@ARTICLE{ITTC_Erosion,
    author = {ITTC},
    title = {Recommended Procedures and Guidelines - Cavitation Induced Erosion on Propellers, Rudders and Appendages Model Scale Experiments},
    pages = {1-14},
    year = {2011},
    url = {https://www.ittc.info/media/8043/75-02-03-035.pdf}
}
@ARTICLE{ETV_JMSE,
    author = {Bosschers, Johan},
    title = {A Semi-Empirical Prediction Method for Broadband Hull-Pressure Fluctuations and Underwater Radiated Noise by Propeller Tip Vortex Cavitation},
    journal = {Journal of Marine Science and Engineering},
    volume = {6},
    year = {2018}, 
    number = {2},
    article-number = {49},
    url = {https://www.mdpi.com/2077-1312/6/2/49},
    issn = {2077-1312},
    doi = {10.3390/jmse6020049}
}
@BOOK{carlton2018marine,
    title = {Marine Propellers and Propulsion},
    author = {Carlton, J.},
    isbn = {9780081003749},
    url = {https://books.google.it/books?id=2drWDgAAQBAJ},
    year = {2018},
    publisher = {Butterworth-Heinemann}
}
@BOOK{franc2006fundamentals,
    title = {Fundamentals of Cavitation},
    author = {Franc, J.P. and Michel, J.M.},
    isbn = {9781402022333},
    lccn = {2004048474},
    series = {Fluid Mechanics and Its Applications},
    url = {https://books.google.it/books?id=QJOQYa_oo24C},
    year = {2006},
    publisher = {Springer Netherlands}
}
@BOOK{knapp1970cavitation,
    title = {Cavitation},
    author = {Knapp, R.T. and Daily, J.W. and Hammitt, F.G.},
    lccn = {lc77096428},
    series = {Engineering Societies Monographs},
    url = {https://books.google.it/books?id=T-hRAAAAMAAJ},
    year = {1970},
    publisher = {McGraw-Hill}
}
@BOOK{brennen2014cavitation,
    title = {Cavitation and Bubble Dynamics},
    author = {Brennen, C.E.},
    isbn = {9781107644762},
    lccn = {2013022118},
    series = {Cavitation and Bubble Dynamics},
    url = {https://books.google.it/books?id=yRhaAQAAQBAJ},
    year = {2014},
    publisher = {Cambridge University Press}
}
@ARTICLE{Plesset_Chapman_1971,
    title = {Collapse of an Initially Spherical Vapour Cavity in the Neighbourhood of a Solid Boundary},
    volume = {47},
    journal = {Journal of Fluid Mechanics},
    author = {Plesset, Milton S. and Chapman, Richard B.},
    year = {1971},
    pages = {283–290},
    doi = {10.1017/S0022112071001058}
}
@ARTICLE{Ceccio_Brennen_1991,
    title = {Observations of the Dynamics and Acoustics of Travelling Bubble Cavitation},
    volume = {233},
    journal = {Journal of Fluid Mechanics},
    author = {Ceccio, S. L. and Brennen, C. E.},
    year = {1991},
    pages = {633–660},
    doi = {10.1017/S0022112091000630}
}
@ARTICLE{Schiebe1972MeasurementOT,
    title = {Measurement of the Cavitation Susceptibility of Water Using Standard Bodies},
    author = {Frank R. Schiebe},
    year = {1972},
    url = {https://api.semanticscholar.org/CorpusID:137251372}
}
@ARTICLE{Lindgren1966CavitationIO,
    title = {Cavitation Inception on Head Forms ITTC Comparative Experiments},
    author = {Hans Lindgren},
    year = {1966},
    url = {https://api.semanticscholar.org/CorpusID:204305944}
}
@ARTICLE{DeChizelle_Ceccio_Brennen_1995,
    title = {Observations and Scaling of Travelling Bubble Cavitation},
    volume = {293},
    journal = {Journal of Fluid Mechanics},
    author = {De Chizelle, Y. Kuhn and Ceccio, S. L. and Brennen, C. E.},
    year = {1995},
    pages = {99–126},
    doi = {10.1017/S0022112095001650}
}
@ARTICLE{DeChizelle_Ceccio_Brennen_1994,
    author = {Chizelle, Y. and Ceccio, S. and Brennen, C. and Shen, Y.},
    year = {1994},
    title = {Cavitation Scaling Experiments With Headforms: Bubble Acoustics}
}
@ARTICLE{Brennen_1970,
    title = {Cavity Surface Wave Patterns and General Appearance},
    volume = {44},
    journal = {Journal of Fluid Mechanics},
    author = {Brennen, Christopher},
    year = {1970},
    pages = {33–49},
    doi = {10.1017/S0022112070001672}
}
@ARTICLE{Kermeen1956,
    title = {Water Tunnel Tests of NACA 4412 and Walchner Profile 7 Hydrofoils in Noncavitating and Cavitating Flows},
    author = {Robert W. Kermeen},
    year = {1956},
    url = {https://api.semanticscholar.org/CorpusID:107349122}
}
@ARTICLE{Arabnejad2020,
    author = {Arabnejad, Mohammad Hossein and Amini, Ali and Farhat, Mohamed and Bensow, Rickard},
    year = {2020},
    title = {Hydrodynamic Mechanisms of Aggressive Collapse Events in Leading Edge Cavitation},
    volume = {32},
    journal = {Journal of Hydrodynamics},
    pages = {6–19},
    doi = {10.1007/s42241-020-0002-8}
}
@INBOOK{Kuiper1998,
    author = {Kuiper, G.},
    editor = {Biesheuvel, Arie and van Heijst, Gertjan F.},
    title = {Cavitation Research and Ship Propeller Design},
    booktitle = {In Fascination of Fluid Dynamics: A Symposium in Honour of Leen van Wijngaarden},
    year = {1998},
    publisher = {Springer Netherlands},
    address = {Dordrecht},
    pages = {33--50},
    isbn = {978-94-011-4986-0},
    doi = {10.1007/978-94-011-4986-0_3},
    url = {https://doi.org/10.1007/978-94-011-4986-0_3}
}
@ARTICLE{Dular2009,
    author = {Dular, Matevž and Coutier-Delgosha, Olivier},
    title = {Numerical Modelling of Cavitation Erosion},
    journal = {International Journal for Numerical Methods in Fluids},
    volume = {61},
    number = {12},
    pages = {1388-1410},
    year = {2009},
    doi = {https://doi.org/10.1002/fld.2003},
    url = {https://onlinelibrary.wiley.com/doi/abs/10.1002/fld.2003},
    eprint = {https://onlinelibrary.wiley.com/doi/pdf/10.1002/fld.2003}
}
@ARTICLE{Hammitt1963,
    author = {Hammitt, F. G.},
    title = {Observations on Cavitation Damage in a Flowing System},
    journal = {Journal of Basic Engineering},
    volume = {85},
    number = {3},
    pages = {347-356},
    year = {1963},
    month = {09},
    issn = {0021-9223},
    doi = {10.1115/1.3656601},
    url = {https://doi.org/10.1115/1.3656601},
    eprint = {https://asmedigitalcollection.asme.org/fluidsengineering/article-pdf/85/3/347/5494326347_1.pdf}
}
@article{Köksal2021,
  title = {Numerical prediction of cavitation erosion to investigate the effect of wake on marine propellers},
  journal = {Ocean Engineering},
  volume = {239},
  pages = {109820},
  year = {2021},
  issn = {0029-8018},
  doi = {https://doi.org/10.1016/j.oceaneng.2021.109820},
  url = {https://www.sciencedirect.com/science/article/pii/S0029801821011793},
  author = {Çağatay Sabri Köksal and Onur Usta and Batuhan Aktas and Mehmet Atlar and Emin Korkut},
  keywords = {KCD-193 propeller, RANS, DES, Cavitation modelling, Cavitation erosion prediction, Erosive power method (EPM)}
}
@article{Leclercq2017,
  title={Numerical Cavitation Intensity on a Hydrofoil for 3D Homogeneous Unsteady Viscous Flows},
  author={Christophe Leclercq and Antoine Archer and R{\'e}giane Fortes-Patella and Fabien Cerru},
  journal={International Journal of Fluid Machinery and Systems},
  year={2017},
  volume={10},
  pages={254-263},
  url={https://api.semanticscholar.org/CorpusID:116120807}
}
@inproceedings{Mantzaris2015,
  author = {Mantzaris, Anastasios and Aktas, Batuhan and Fitzsommons, Patrick and Atlar, Mehmet},
  year = {2015},
  month = {09},
  pages = {},
  title = {ESTABLISHMENT AND VERIFICATION OF REPRODUCIBLE METHOD FOR COATING PROPELLER BLADES FOR EROSIVE CAVITATION DETECTION}
}
@article{Melissaris2020,
    title = {On the accuracy of predicting cavitation impact loads on marine propellers},
    journal = {Wear},
    volume = {456-457},
    pages = {203393},
    year = {2020},
    issn = {0043-1648},
    doi = {https://doi.org/10.1016/j.wear.2020.203393},
    url = {https://www.sciencedirect.com/science/article/pii/S0043164819316679},
    author = {Themistoklis Melissaris and Sören Schenke and Norbert Bulten and Tom J.C. {van Terwisga}}
}
@book{lecoffre1999,
  title     = {Cavitation: Bubble Trackers},
  author    = {Lecoffre, Y.},
  isbn      = {9789054107835},
  year      = {1999},
  publisher = {Taylor \& Francis},
  url       = {https://books.google.it/books?id=_In_M-yBYtMC}
}
@article{Peters2018,
  title   = {Numerical prediction of cavitation erosion on a ship propeller in model- and full-scale},
  author  = {Peters, Andreas and Lantermann, Udo and el Moctar, Ould},
  journal = {Wear},
  volume  = {408-409},
  pages   = {1--12},
  year    = {2018},
  issn    = {0043-1648},
  doi     = {10.1016/j.wear.2018.04.012},
  url     = {https://www.sciencedirect.com/science/article/pii/S0043164817316307}
}
@article{Peters2015,
    title = {Numerical modelling and prediction of cavitation erosion},
    journal = {Wear},
    volume = {338-339},
    pages = {189-201},
    year = {2015},
    issn = {0043-1648},
    doi = {https://doi.org/10.1016/j.wear.2015.06.009},
    url = {https://www.sciencedirect.com/science/article/pii/S0043164815003415},
    author = {Andreas Peters and Hemant Sagar and Udo Lantermann and Ould {el Moctar}},
    keywords = {Cavitation, Erosion, Multiphase flow, Computational fluid dynamics, Erosion model, Reboud's correction}
}
@article{Pereira1998,
    author = {Pereira, F. and Avellan, F. and Dupont, Ph.},
    title = "{Prediction of Cavitation Erosion: An Energy Approach}",
    journal = {Journal of Fluids Engineering},
    volume = {120},
    number = {4},
    pages = {719-727},
    year = {1998},
    month = {12},
    issn = {0098-2202},
    doi = {10.1115/1.2820729},
    url = {https://doi.org/10.1115/1.2820729}
}
@article{Vogel1988,
  title={Acoustic transient generation by laser-produced cavitation bubbles near solid boundaries},
  author={Vogel, A and Lauterborn, W},
  journal={The Journal of the Acoustical Society of America},
  volume={84},
  number={2},
  pages={719--731},
  year={1988},
  publisher={Acoustical Society of America}
}
@article{Usta2019,
    title = {Prediction of cavitation development and cavitation erosion on hydrofoils and propellers by Detached Eddy Simulation},
    journal = {Ocean Engineering},
    volume = {191},
    pages = {106512},
    year = {2019},
    issn = {0029-8018},
    doi = {https://doi.org/10.1016/j.oceaneng.2019.106512},
    url = {https://www.sciencedirect.com/science/article/pii/S0029801819306523},
    author = {Onur Usta and Emin Korkut}
}
@article{Schmidt2008,
    author = {Schmidt, Steffen and Sezal, Ismail and Schnerr Professor Dr.-Ing.habil, Günter and Thalhamer, Matthias},
    year = {2008},
    month = {07},
    pages = {},
    title = {Numerical Analysis of Shock Dynamics for Detection of Erosion Sensitive Areas in Complex 3-D Flows}
}
@article{Pfitsch2009,
  title={Development of Measurement Techniques for Studying Propeller Erosion Damage in Severe Wake Fields},
  author={Woody Pfitsch and Scott Gowing and David J. Fry and Martin J. Donnelly and Stuart D. Jessup},
  year={2009},
  url={https://api.semanticscholar.org/CorpusID:55093306}
}
@Article{Capone2024,
    AUTHOR = {Capone, Alessandro and Alves Pereira, Francisco and Di Felice, Fabio},
    TITLE = {Flow and Cavity Measurements in a Super-Cavitating Propeller},
    JOURNAL = {Journal of Marine Science and Engineering},
    VOLUME = {12},
    YEAR = {2024},
    NUMBER = {2},
    ARTICLE-NUMBER = {243},
    URL = {https://www.mdpi.com/2077-1312/12/2/243},
    ISSN = {2077-1312},
    DOI = {10.3390/jmse12020243}
}
@article{Vijayan2023,
    author = {Vijayan, Anuja and Pradeep Kumar, P},
    title = "{Experimental characterization of cavitation zone and cavity oscillation mechanism transitions in planar cavitating venturis}",
    journal = {Physics of Fluids},
    volume = {35},
    number = {8},
    pages = {083331},
    year = {2023},
    month = {08},
    issn = {1070-6631},
    doi = {10.1063/5.0161121},
    url = {https://doi.org/10.1063/5.0161121},
    eprint = {https://pubs.aip.org/aip/pof/article-pdf/doi/10.1063/5.0161121/18096855/083331\_1\_5.0161121.pdf}
}
@article{Shiraishi2024,
  title={Cavity shape measurement on propeller blade surface by combination line CCD camera measurement method},
  author={Shiraishi, Koichiro and Sawada, Yuki and Fujisawa, Junichi and Arakawa, Daijiro},
  journal={Ship Technology Research},
  pages={1--13},
  year={2024},
  publisher={Taylor \& Francis}
}
@ARTICLE{Franzosi2023,
    author = {Franzosi, Giovanni and Abbasi, Afaq Ahmed and Savio, Luca and Viviani, Michele and Tani, Giorgio},
    title = {Analysis of Blade Root Cavitation Erosion with an Image Processing Approach},
    series = {33th International Ocean and Polar Engineering Conference},
    pages = {ISOPE-I-23-588},
    year = {2023},
    month = {06},
    eprint = {https://onepetro.org/ISOPEIOPEC/proceedings-pdf/ISOPE23/All-ISOPE23/ISOPE-I-23-588/3164627/isope-i-23-588.pdf}
}
@article{Ebert2019,
  title={Synchronized Multi-camera and LED-illumination system for multi perspective cavitation observation and 3D reconstruction},
  author={Eric Ebert and Nils Damaschke},
  year={2019},
  url={https://api.semanticscholar.org/CorpusID:247586244}
}
@article{Savio2011,
    author = {Savio, Luca and Viviani, Michele and Ferrando, Marco},
    year = {2011},
    month = {05},
    pages = {},
    title = {Application of computer vision techniques to measure cavitation bubble volume and cavitating tip vortex diameter}
}
@book{Ross2013,
  title={Mechanics of Underwater Noise},
  author={Ross, D.},
  isbn={9781483160467},
  url={https://books.google.it/books?id=sdwgBQAAQBAJ},
  year={2013},
  publisher={Elsevier Science}
}
@book{Lloyd2020,
    author = {Lloyd, Thomas and Foeth, E.-J and Lafeber, Frans Hendrik and Bosschers, Johan},
    year = {2020},
    month = {11},
    title = {Progress in the prediction and mitigation of propeller cavitation noise and vibrations}
}
@book{Rojano-Doñate2023,
    author = {Rojano-Doñate, Laia and Lamoni, Luca and Tougaard, Jakob and Findlay, Charlotte},
    year = {2023},
    month = {09},
    pages = {1-17},
    title = {Effect of Vessel Noise on Marine Mammals and Measures to Reduce Impact},
    doi = {10.1007/978-3-031-10417-6_138-1}
}
@book{MEPC802023,
  author       = {{International Maritime Organization (IMO)}},
  title        = {{80th Session of the Marine Environment Protection Committee (MEPC 80)}},
  year         = {2023},
  month        = {07},
  note         = {Adopted strategies on GHG emissions, biofouling management, underwater noise reduction, and ballast water management.},
  url          = {https://www.imo.org/en/MediaCentre/WhatsNew/Pages/default.aspx}
}
@article{Russell1999,
    author = {Russell, Daniel A. and Titlow, Joseph P. and Bemmen, Ya-Juan},
    title = {Acoustic monopoles, dipoles, and quadrupoles: An experiment revisited},
    journal = {American Journal of Physics},
    volume = {67},
    number = {8},
    pages = {660-664},
    year = {1999},
    month = {08},
    issn = {0002-9505},
    doi = {10.1119/1.19349},
    url = {https://doi.org/10.1119/1.19349},
    eprint = {https://pubs.aip.org/aapt/ajp/article-pdf/67/8/660/7528251/660\_1\_online.pdf}
}
@article{Lighthill1952,
 ISSN = {00804630},
 URL = {http://www.jstor.org/stable/98943},
 author = {M. J. Lighthill},
 journal = {Proceedings of the Royal Society of London. Series A, Mathematical and Physical Sciences},
 number = {1107},
 pages = {564--587},
 publisher = {Royal Society},
 title = {On Sound Generated Aerodynamically. I. General Theory},
 urldate = {2024-11-21},
 volume = {211},
 year = {1952}
}
@article{Ffowcs1969,
 ISSN = {00804614},
 URL = {http://www.jstor.org/stable/73790},
 author = {J. E. Ffowcs Williams and D. L. Hawkings},
 journal = {Philosophical Transactions of the Royal Society of London. Series A, Mathematical and Physical Sciences},
 number = {1151},
 pages = {321--342},
 publisher = {The Royal Society},
 title = {Sound Generation by Turbulence and Surfaces in Arbitrary Motion},
 urldate = {2024-11-21},
 volume = {264},
 year = {1969}
}
@article{Testa2018,
    title = {A Ffowcs Williams and Hawkings formulation for hydroacoustic analysis of propeller sheet cavitation},
    journal = {Journal of Sound and Vibration},
    volume = {413},
    pages = {421-441},
    year = {2018},
    issn = {0022-460X},
    doi = {https://doi.org/10.1016/j.jsv.2017.10.004},
    url = {https://www.sciencedirect.com/science/article/pii/S0022460X17307186},
    author = {C. Testa and S. Ianniello and F. Salvatore},
    keywords = {Marine propellers, Sheet cavitation noise, Acoustic analogy}
}
@article{Brown1999,
  author    = {Brown, N. A.},
  title     = {Thruster Noise},
  booktitle = {Dynamic Positioning Conference},
  year      = {1999},
  address   = {Houston, Texas},
  publisher = {Marine Technology Society}
}
@article{Lamb1932,
  title={Hydrodynamics. 6th edition},
  author={Lamb, H.},
  url={https://books.google.it/books?id=nOHRXwAACAAJ},
  year={1932},
  publisher={C.U.P}
}
@article{Proctor2010,
  title={Three-Phased Wake Vortex Decay},
  author={Fred H. Proctor and Nash'at N. Ahmad and George S. Switzer and Fanny M. LimonDuparcmeur},
  year={2010},
  url={https://api.semanticscholar.org/CorpusID:26695879}
}
@article{Miglianti2020,
    title = {Predicting the cavitating marine propeller noise at design stage: A deep learning based approach},
    journal = {Ocean Engineering},
    volume = {209},
    pages = {107481},
    year = {2020},
    issn = {0029-8018},
    doi = {https://doi.org/10.1016/j.oceaneng.2020.107481},
    url = {https://www.sciencedirect.com/science/article/pii/S0029801820304960},
    author = {Leonardo Miglianti and Francesca Cipollini and Luca Oneto and Giorgio Tani and Stefano Gaggero and Andrea Coraddu and Michele Viviani}
}
@article{Pennings2015,
  author       = {P. C. Pennings and J. Westerweel and T. J. C. van Terwisga},
  title        = {Flow field measurement around vortex cavitation},
  journal      = {Experiments in Fluids},
  volume       = {56},
  number       = {11},
  pages        = {206},
  year         = {2015},
  month        = {11},
  issn         = {1432-1114},
  doi          = {10.1007/s00348-015-2073-9},
  url          = {https://doi.org/10.1007/s00348-015-2073-9}
}
@article{Kuiper1981,
  title={Cavitation inception on ship propeller models},
  author={Gert Kuiper},
  year={1981},
  url={https://api.semanticscholar.org/CorpusID:122569530}
}
@article{Sedlazeck2012,
    author="Sedlazeck, Anne
    and Koch, Reinhard",
    editor="Dellaert, Frank
    and Frahm, Jan-Michael
    and Pollefeys, Marc
    and Leal-Taix{\'e}, Laura
    and Rosenhahn, Bodo",
    title="Perspective and Non-perspective Camera Models in Underwater Imaging -- Overview and Error Analysis",
    booktitle="Outdoor and Large-Scale Real-World Scene Analysis",
    year="2012",
    publisher="Springer Berlin Heidelberg",
    address="Berlin, Heidelberg",
    pages="212--242",
    isbn="978-3-642-34091-8"
}
@book{Forsyth2002,
    author = {Forsyth, David A. and Ponce, Jean},
    title = {Computer Vision: A Modern Approach},
    year = {2002},
    isbn = {0130851981},
    publisher = {Prentice Hall Professional Technical Reference}
}
@article{Weng1992,
  author={Weng, J. and Cohen, P. and Herniou, M.},
  journal={IEEE Transactions on Pattern Analysis and Machine Intelligence}, 
  title={Camera calibration with distortion models and accuracy evaluation}, 
  year={1992},
  volume={14},
  number={10},
  pages={965-980},
  keywords={Cameras;Calibration;Nonlinear distortion;Optical arrays;Parameter estimation;Distortion measurement;Lenses;Computer vision;Charge-coupled image sensors;Optical distortion},
  doi={10.1109/34.159901}
}
@article{Louhichi2007,
    doi = {10.1088/0957-0233/18/8/037},
    url = {https://dx.doi.org/10.1088/0957-0233/18/8/037},
    year = {2007},
    month = {07},
    publisher = {},
    volume = {18},
    number = {8},
    pages = {2616},
    author = {H Louhichi and T Fournel and J M Lavest and H Ben Aissia},
    title = {Self-calibration of Scheimpflug cameras: an easy protocol},
    journal = {Measurement Science and Technology}
}
@book{Hartley2003,
  title={Multiple View Geometry in Computer Vision},
  author={Hartley, R. and Zisserman, A.},
  isbn={9780521540513},
  lccn={2004557531},
  series={Cambridge books online},
  url={https://books.google.it/books?id=si3R3Pfa98QC},
  year={2003},
  publisher={Cambridge University Press}
}
@misc{opencv_website,
  author = {{OpenCV}},
  title = {OpenCV - Open Source Computer Vision Library},
  year = {2024},
  howpublished = {\url{https://opencv.org}},
  note = {Accessed: 2024-12-18}
}
@article{Zhang2000,
  added-at = {2017-07-04T13:21:25.000+0200},
  author = {Zhang, Zhengyou},
  biburl = {https://www.bibsonomy.org/bibtex/218f123809c8b64793aed76756ad7aa41/lautenschlager},
  interhash = {c7432ae204b4a513c5117a49ae560210},
  intrahash = {18f123809c8b64793aed76756ad7aa41},
  journal = {IEEE Transactions on pattern analysis and machine intelligence},
  keywords = {test citedby:scholar:count:10248 citedby:scholar:timestamp:2017-7-4},
  number = 11,
  pages = {1330--1334},
  publisher = {IEEE},
  timestamp = {2017-07-04T13:21:25.000+0200},
  title = {A flexible new technique for camera calibration},
  volume = 22,
  year = 2000
}
@article{Fischler1981,
  title={Random sample consensus: a paradigm for model fitting with applications to image analysis and automated cartography},
  author={Martin A. Fischler and Robert C. Bolles},
  journal={Commun. ACM},
  year={1981},
  volume={24},
  pages={381-395},
  url={https://api.semanticscholar.org/CorpusID:972888}
}
@article{Fusiello2005,
  title={Elements of Computer Vision : Multiple View Geometry},
  author={Andrea Fusiello},
  year={2005},
  url={https://api.semanticscholar.org/CorpusID:11746387}
}
@article{Hartley2013,
  title={Rotation Averaging},  
  author = {Hartley, Richard I. and Trumpf, Jochen and Dai, Yuchao and Li, Hongdong},
  journal={International Journal of Computer Vision},
  year={2013},
  volume={103},
  pages={267 - 305},
  url={https://api.semanticscholar.org/CorpusID:10021879}
}
@article{Singer2011,
  title = {Angular synchronization by eigenvectors and semidefinite programming},
  journal = {Applied and Computational Harmonic Analysis},
  volume = {30},
  number = {1},
  pages = {20-36},
  year = {2011},
  issn = {1063-5203},
  doi = {https://doi.org/10.1016/j.acha.2010.02.001},
  url = {https://www.sciencedirect.com/science/article/pii/S1063520310000205},
  author = {A. Singer}
}
@techreport{Abbott1945,
     title = {Summary of Airfoil Data},
     author = {Abbott, Ira H. and von Doenhoff, Albert E. and Stivers, Louis S., Jr.},
     year = {1945},
     institution = {University of North Texas Libraries},
     url = {https://digital.library.unt.edu/ark:/67531/metadc65534/}
}
@article{Kirillov2023,
      title={Segment Anything}, 
      author={Alexander Kirillov and Eric Mintun and Nikhila Ravi and Hanzi Mao and Chloe Rolland and Laura Gustafson and Tete Xiao and Spencer Whitehead and Alexander C. Berg and Wan-Yen Lo and Piotr Dollár and Ross Girshick},
      year={2023},
      eprint={2304.02643}
}
@article{Franzosi2023,
      author = {Franzosi, Giovanni and Abbasi, Afaq Ahmed and Savio, Luca and Viviani, Michele and Tani, Giorgio},
      title = {Analysis of Blade Root Cavitation Erosion with an Image Processing Approach},
      series = {33th International Ocean and Polar Engineering Conference},
      pages = {ISOPE-I-23-588},
      year = {2023},
      month = {06},
      eprint = {https://onepetro.org/ISOPEIOPEC/proceedings-pdf/ISOPE23/All-ISOPE23/ISOPE-I-23-588/3164627/isope-i-23-588.pdf}
  }
@article{Foeth2008,
  title={On the Collapse Structure of an Attached Cavity on a Three-Dimensional Hydrofoil},
  author={E. J. Foeth and Tom van Terwisga and Casimir W. H. van Doorne},
  journal={Journal of Fluids Engineering-transactions of The Asme},
  year={2008},
  volume={130},
  pages={071303},
  url={https://api.semanticscholar.org/CorpusID:121936442}
}
@article{DeLange1997,
  title={Sheet Cavitation and Cloud Cavitation, Re-Entrant Jet and Three-Dimensionality},
  author={de Lange, D. and de Bruin, G.},
  journal={Flow, Turbulence and Combustion},
  volume={58},
  pages={91--114},
  year={1997},
  doi={10.1023/A:1000763130780},
}
@book{Chahine2014,
  author = {Chahine, Georges and Kim, Ki-Han and Franc, Jean-Pierre and Karimi, Ayat},
  year = {2014},
  month = {02},
  pages = {},
  title = {Advanced Experimental and Numerical Techniques for Cavitation Erosion Prediction},
  volume = {106},
  isbn = {978-94-017-8538-9},
  doi = {10.1007/978-94-017-8539-6}
}
@article{Plesset1971,
  title={Collapse of an initially spherical vapour cavity in the neighbourhood of a solid boundary},
  author={Milton S. Plesset and Richard B. Chapman},
  journal={Journal of Fluid Mechanics},
  year={1971},
  volume={47},
  pages={283 - 290},
  url={https://api.semanticscholar.org/CorpusID:1246189}
}
@article{Keller1956,
    author = {Keller, Joseph B. and Kolodner, Ignace I.},
    title = {Damping of Underwater Explosion Bubble Oscillations},
    journal = {Journal of Applied Physics},
    volume = {27},
    number = {10},
    pages = {1152-1161},
    year = {1956},
    month = {10},
    issn = {0021-8979},
    doi = {10.1063/1.1722221},
    url = {https://doi.org/10.1063/1.1722221},
    eprint = {https://pubs.aip.org/aip/jap/article-pdf/27/10/1152/18316053/1152\_1\_online.pdf},
}
@article{Keller1980,
    author = {Keller, Joseph B. and Miksis, Michael},
    title = {Bubble oscillations of large amplitude},
    journal = {The Journal of the Acoustical Society of America},
    volume = {68},
    number = {2},
    pages = {628-633},
    year = {1980},
    month = {08},
    issn = {0001-4966},
    doi = {10.1121/1.384720},
    url = {https://doi.org/10.1121/1.384720},
    eprint = {https://pubs.aip.org/asa/jasa/article-pdf/68/2/628/11794312/628\_1\_online.pdf}
}
@article{Lauterborn2010,
  doi = {10.1088/0034-4885/73/10/106501},
  url = {https://dx.doi.org/10.1088/0034-4885/73/10/106501},
  year = {2010},
  month = {09},
  publisher = {},
  volume = {73},
  number = {10},
  pages = {106501},
  author = {Lauterborn, Werner and Kurz, Thomas},
  title = {Physics of bubble oscillations},
  journal = {Reports on Progress in Physics},
}
@article{Brujan2008,
  author = {Brujan, Emil and Ikeda, T. and Matsumoto, Yoichiro},
  year = {2008},
  month = {04},
  pages = {1188-1191},
  title = {On the pressure of cavitation bubbles},
  volume = {32},
  journal = {Experimental Thermal and Fluid Science},
  doi = {10.1016/j.expthermflusci.2008.01.006}
}
@article{Rijsbergen2020,
author = {van Rijsbergen, Martijn and Lidtke, Artur},
year = {2020},
month = {10},
pages = {},
title = {Sheet Cavitation Inception Mechanisms on a NACA 0015 Hydrofoil}
}
@manual{ITTC_Noise,
  title        = {ITTC Quality System Manual: Recommended Procedures and Guidelines},
  subtitle     = {Model-Scale Propeller Cavitation Noise Measurements},
  organization = {International Towing Tank Conference (ITTC)},
  year         = {2017},
  month        = {September},
  edition      = {28th ITTC},
  editor       = {Specialist Committee on Hydrodynamic Noise},
  note         = {Approved by the 28th ITTC 2017},
}
@ARTICLE{Tani2017,
	author = {Tani, Giorgio and Aktas, Batuhan and Viviani, Michele and Atlar, Mehmet},
	title = {Two medium size cavitation tunnel hydro-acoustic benchmark experiment comparisons as part of a round robin test campaign},
	year = {2017},
	journal = {Ocean Engineering},
	volume = {138},
	pages = {179 – 207},
	doi = {10.1016/j.oceaneng.2017.04.010}
}
@article{Abbasi2024,
title = {Experimental analysis of blade root cavitation erosion on set of model propellers},
journal = {Ocean Engineering},
volume = {311},
pages = {118766},
year = {2024},
issn = {0029-8018},
doi = {https://doi.org/10.1016/j.oceaneng.2024.118766},
url = {https://www.sciencedirect.com/science/article/pii/S0029801824021048},
author = {Afaq Ahmed Abbasi and Giovanni Franzosi and Michele Viviani and Daniele Bertetta and Giorgio Tani},
keywords = {Cavitation erosion, Blade root, Propellers, Cavitation tunnel, Soft paint test},
}